<?xml version="1.0" encoding="UTF-8"?>
<collection xmlns:xsi="http://www.w3.org/2001/XMLSchema-instance" xsi:schemaLocation="http://www.loc.gov/MARC21/slim http://www.loc.gov/standards/marcxml/schema/MARC21slim.xsd" xmlns="http://www.loc.gov/MARC21/slim">
<record>
  <leader>02115cam a2200373Ia 4500</leader>
  <controlfield tag="001">7148037</controlfield>
  <controlfield tag="003">NNC</controlfield>
  <controlfield tag="005">20150920223227.0</controlfield>
  <controlfield tag="008">940712s1905    ua            000 0 arard</controlfield>
  <datafield tag="035" ind1=" " ind2=" ">
    <subfield code="a">(OCoLC)ocm30751323</subfield>
  </datafield>
  <datafield tag="035" ind1=" " ind2=" ">
    <subfield code="a">(OCoLC)30751323</subfield>
  </datafield>
  <datafield tag="035" ind1=" " ind2=" ">
    <subfield code="a">(NNC)7148037</subfield>
  </datafield>
  <datafield tag="040" ind1=" " ind2=" ">
    <subfield code="a">UUM</subfield>
    <subfield code="c">UUM</subfield>
    <subfield code="d">OCLCG</subfield>
  </datafield>
  <datafield tag="066" ind1=" " ind2=" ">
    <subfield code="c">(3</subfield>
  </datafield>
  <datafield tag="090" ind1=" " ind2=" ">
    <subfield code="a">BP166.2</subfield>
    <subfield code="b">.R38 1905</subfield>
  </datafield>
  <datafield tag="100" ind1="1" ind2=" ">
    <subfield code="6">880-01</subfield>
    <subfield code="a">Rāzī, Fakhr al-Dīn Muḥammad ibn ʻUmar,</subfield>
    <subfield code="d">1149 or 1150-1210.</subfield>
  </datafield>
  <datafield tag="240" ind1="1" ind2="0">
    <subfield code="6">880-02</subfield>
    <subfield code="a">Lawāmiʻ al-bayyināt fī al-asmāʼ wa-al-ṣifāt</subfield>
  </datafield>
  <datafield tag="245" ind1="1" ind2="0">
    <subfield code="a">Kitāb Lawāmiʻ al-bayyināt sharḥ asmāʾ Allāh taʻālá wa-al-ṣifāt /</subfield>
    <subfield code="c">taʾlīf Fakhr al-Dīn Muḥammad ibn ʻUmar al-Khaṭīb al-Rāzī al-Shāfiʻī ; ʻuniya bi-taṣḥīḥihi Muḥammad Badr al-Dīn Abū Firās al-Naʻsānī al-Ḥalabī.</subfield>
  </datafield>
  <datafield tag="250" ind1=" " ind2=" ">
    <subfield code="6">880-03</subfield>
    <subfield code="a">al-Ṭabʻah 1.</subfield>
  </datafield>
  <datafield tag="260" ind1=" " ind2=" ">
    <subfield code="6">880-04</subfield>
    <subfield code="a">Miṣr :</subfield>
    <subfield code="b">al-Maṭbaʻah al-Sharafīyah,</subfield>
    <subfield code="c">1323 [1905]</subfield>
  </datafield>
  <datafield tag="300" ind1=" " ind2=" ">
    <subfield code="a">267, 4 p. ;</subfield>
    <subfield code="c">20 cm.</subfield>
  </datafield>
  <datafield tag="650" ind1=" " ind2="0">
    <subfield code="a">God (Islam)</subfield>
    <subfield code="x">Name.</subfield>
  </datafield>
  <datafield tag="650" ind1=" " ind2="0">
    <subfield code="a">God (Islam)</subfield>
    <subfield code="x">Attributes.</subfield>
  </datafield>
  <datafield tag="700" ind1="1" ind2=" ">
    <subfield code="6">880-05</subfield>
    <subfield code="a">Ḥalabī, Muḥammad Badr al-Dīn al-Naʻsānī.</subfield>
  </datafield>
  <datafield tag="740" ind1="0" ind2=" ">
    <subfield code="a">Lawāmiʻ al-bayyināt sharḥ asmāʾ Allāh taʻālá wa-al-ṣifāt.</subfield>
  </datafield>
  <datafield tag="880" ind1="1" ind2=" ">
    <subfield code="6">100-01/(3/r</subfield>
    <subfield code="a">رازي، فخر الدين محمد بن عمر,</subfield>
    <subfield code="d">1149 or 1150-1210.</subfield>
  </datafield>
  <datafield tag="880" ind1="1" ind2="0">
    <subfield code="6">240-02/(3/r</subfield>
    <subfield code="a">لوامع البينات في الأسماء والصفات</subfield>
  </datafield>
  <datafield tag="880" ind1="1" ind2="0">
    <subfield code="6">245-00/(3/r</subfield>
    <subfield code="a">كتاب لوامع البينات :</subfield>
    <subfield code="b">شرح أسماء الله تعالى والصفات /</subfield>
    <subfield code="c">تأليف فخر الدين محمد بن عمر الخطيب الرازي الشافعي ؛ عني بتصحيحه محمد بدر الدين أبو فراس ؛ عني بتصحيحه محمد بدر الدين أبو فراس النعساني الحلبي.</subfield>
  </datafield>
  <datafield tag="880" ind1="3" ind2="0">
    <subfield code="6">246-00/(3/r</subfield>
    <subfield code="a">لوامع البينات</subfield>
  </datafield>
  <datafield tag="880" ind1=" " ind2=" ">
    <subfield code="6">250-03/(3/r</subfield>
    <subfield code="a">الطبعة ١.</subfield>
  </datafield>
  <datafield tag="880" ind1=" " ind2=" ">
    <subfield code="6">260-04/(3/r</subfield>
    <subfield code="a">مصر :</subfield>
    <subfield code="b">المطبعة الشرفية،</subfield>
    <subfield code="c">١٣٢٣ [١٩٠٥]</subfield>
  </datafield>
  <datafield tag="880" ind1="1" ind2=" ">
    <subfield code="6">700-05/(3/r</subfield>
    <subfield code="a">حلبي، محمد بدر الدين النعساني.</subfield>
  </datafield>
  <datafield tag="955" ind1=" " ind2=" ">
    <subfield code="b">0069503109</subfield>
    <subfield code="d">glx</subfield>
    <subfield code="e">893.7991 R219</subfield>
  </datafield>
</record>
</collection>